% Encoding: UTF-8

@Misc{ISA_wiki,
  author = {Wikipedia},
  month  = nov,
  title  = {Instruction set architecture},
  year   = {2022},
  url    = {https://en.wikipedia.org/wiki/Instruction_set_architecture},
}

@TechReport{ARM_ASM,
  author = {ARM},
  title  = {Developer Suite},
  year   = {2001},
  number = {DUI 0068B},
}

@Article{x86_asm,
  author = {c9x.me},
  title  = {x86 Instruction Set Reference},
  year   = {2022},
  url    = {https://c9x.me/x86/html/file_module_x86_id_5.html},
}

@Comment{jabref-meta: databaseType:bibtex;}
